
@article{griffith_adaptive_2007,
	title = {An adaptive, formally second order accurate version of the immersed boundary method},
	volume = {223},
	issn = {00219991},
	url = {http://linkinghub.elsevier.com/retrieve/pii/S0021999106004207},
	doi = {10.1016/j.jcp.2006.08.019},
	pages = {10--49},
	number = {1},
	journaltitle = {Journal of Computational Physics},
	author = {Griffith, Boyce E. and Hornung, Richard D. and {McQueen}, David M. and Peskin, Charles S.},
	date = {2007-04},
	note = {{ISBN}: 0021-9991},
}

@article{naumov_amgx:_2015,
	title = {{AmgX}: A Library for {GPU} Accelerated Algebraic Multigrid and Preconditioned Iterative Methods},
	volume = {37},
	issn = {1064-8275},
	url = {http://epubs.siam.org/doi/10.1137/140980260},
	doi = {10.1137/140980260},
	pages = {S602--S626},
	number = {5},
	journaltitle = {{SIAM} Journal on Scientific Computing},
	author = {Naumov, M and Arsaev, M and Castonguay, P and Cohen, J and Demouth, J and Eaton, J and Layton, S and Markovskiy, N and Reguly, I and Sakharnykh, N and Sellappan, V and Strzodka, R},
	date = {2015-01},
	note = {{ISBN}: 2010001753},
}

@article{taira_immersed_2007,
	title = {The immersed boundary method: A projection approach},
	volume = {225},
	issn = {00219991},
	doi = {10.1016/j.jcp.2007.03.005},
	pages = {2118--2137},
	number = {2},
	journaltitle = {Journal of Computational Physics},
	author = {Taira, Kunihiko and Colonius, Tim},
	date = {2007},
	note = {{ISBN}: 0021-9991},
}

@article{perot_analysis_1993,
	title = {An Analysis of the Fractional Step Method},
	volume = {108},
	issn = {00219991},
	url = {http://linkinghub.elsevier.com/retrieve/pii/S0021999183711629},
	doi = {10.1006/jcph.1993.1162},
	pages = {51--58},
	number = {1},
	journaltitle = {Journal of Computational Physics},
	author = {Perot, J. Blair},
	date = {1993-09},
}

@article{williamson_vortex_1996,
	title = {Vortex Dynamics in the Cylinder Wake},
	volume = {28},
	issn = {0066-4189},
	url = {http://www.annualreviews.org/doi/10.1146/annurev.fl.28.010196.002401},
	doi = {10.1146/annurev.fl.28.010196.002401},
	pages = {477--539},
	number = {1},
	journaltitle = {Annual Review of Fluid Mechanics},
	author = {Williamson, C. H. K.},
	date = {1996-01},
}

@article{Rajani2009,
	title = {Numerical simulation of laminar flow past a circular cylinder},
	volume = {33},
	issn = {0307904X},
	url = {http://dx.doi.org/10.1016/j.apm.2008.01.017},
	doi = {10.1016/j.apm.2008.01.017},
	pages = {1228--1247},
	number = {3},
	journaltitle = {Applied Mathematical Modelling},
	author = {Rajani, B.N. and Kandasamy, A. and Majumdar, Sekhar},
	date = {2009-03},
	pmid = {18628456},
	eprinttype = {arxiv},
	eprint = {DOI: 10.1002/fld.1},
}

@article{krishnan_lift_2014,
	title = {Lift and wakes of flying snakes},
	volume = {26},
	issn = {10897666},
	doi = {10.1063/1.4866444},
	pages = {1--19},
	number = {3},
	journaltitle = {Physics of Fluids},
	author = {Krishnan, Anush and Socha, John J. and Vlachos, Pavlos P. and Barba, L. A.},
	date = {2014},
	eprinttype = {arxiv},
	eprint = {1309.2969},
}

@article{li_efficient_2016,
	title = {An efficient immersed boundary projection method for flow over complex/moving boundaries},
	volume = {140},
	issn = {00457930},
	url = {http://dx.doi.org/10.1016/j.compfluid.2016.09.017},
	doi = {10.1016/j.compfluid.2016.09.017},
	pages = {122--135},
	journaltitle = {Computers \& Fluids},
	author = {Li, Ru-Yang and Xie, Chun-Mei and Huang, Wei-Xi and Xu, Chun-Xiao},
	date = {2016-11},
	note = {Publisher: Elsevier Ltd},
}

@article{chuang_amgxwrapper:_2017,
	title = {{AmgXWrapper}: An interface between {PETSc} and the {NVIDIA} {AmgX} library},
	volume = {2},
	issn = {2475-9066},
	url = {http://joss.theoj.org/papers/10.21105/joss.00280},
	doi = {10.21105/joss.00280},
	pages = {280},
	number = {16},
	journaltitle = {The Journal of Open Source Software},
	author = {Chuang, Pi-Yueh and Barba, Lorena A.},
	date = {2017-08-29},
}

@article{fornberg_numerical_1980,
	title = {A numerical study of steady viscous flow past a circular cylinder},
	volume = {98},
	issn = {0022-1120},
	url = {http://www.journals.cambridge.org/abstract_S0022112080000419},
	doi = {10.1017/S0022112080000419},
	pages = {819},
	number = {4},
	journaltitle = {Journal of Fluid Mechanics},
	author = {Fornberg, Bengt},
	date = {1980-06-19},
}

@inproceedings{gonzalez_validation_2011,
	title = {Validation of the {GeoClaw} Model},
	url = {https://depts.washington.edu/clawpack/links/nthmp-benchmarks/geoclaw-results.pdf},
	booktitle = {{NTHMP} {MMS} Tsunami Inundation Model Validation Workshop},
	author = {González, Frank I. and Leveque, Randall J. and Chamberlain, Paul and Hirai, Bryant and Varkovitzky, Jonathan and George, David L.},
	date = {2011},
}

@article{arcos_validating_2015,
	title = {Validating Velocities in the {GeoClaw} Tsunami Model Using Observations near Hawaii from the 2011 Tohoku Tsunami},
	volume = {172},
	issn = {0033-4553},
	url = {http://link.springer.com/10.1007/s00024-014-0980-y},
	doi = {10.1007/s00024-014-0980-y},
	pages = {849--867},
	number = {3},
	journaltitle = {Pure and Applied Geophysics},
	author = {Arcos, M. E. M. and {LeVeque}, Randall J.},
	date = {2015-03-28},
	eprinttype = {arxiv},
	eprint = {1410.2884},
}

@article{berger_geoclaw_2011,
	title = {The {GeoClaw} software for depth-averaged flows with adaptive refinement},
	volume = {34},
	issn = {03091708},
	url = {https://linkinghub.elsevier.com/retrieve/pii/S0309170811000480},
	doi = {10.1016/j.advwatres.2011.02.016},
	pages = {1195--1206},
	number = {9},
	journaltitle = {Advances in Water Resources},
	author = {Berger, Marsha J. and George, David L. and {LeVeque}, Randall J. and Mandli, Kyle T.},
	date = {2011-09},
}

@article{delestre_swashes:_2013,
	title = {{SWASHES}: a compilation of shallow water analytic solutions for hydraulic and environmental studies},
	volume = {72},
	issn = {02712091},
	url = {http://doi.wiley.com/10.1002/fld.3741},
	doi = {10.1002/fld.3741},
	pages = {269--300},
	number = {3},
	journaltitle = {International Journal for Numerical Methods in Fluids},
	author = {Delestre, Olivier and Lucas, Carine and Ksinant, Pierre-Antoine and Darboux, Frédéric and Laguerre, Christian and Vo, T.-N.-Tuoi and James, François and Cordier, Stéphane},
	date = {2013-05-30},
}

@article{chuang_petibm:_2018,
	title = {{PetIBM}: toolbox and applications of the immersed-boundary method on distributed-memory architectures},
	volume = {3},
	issn = {2475-9066},
	url = {http://joss.theoj.org/papers/10.21105/joss.00558},
	doi = {10.21105/joss.00558},
	pages = {558},
	number = {25},
	journaltitle = {Journal of Open Source Software},
	author = {Chuang, Pi-Yueh and Mesnard, Olivier and Krishnan, Anush and A. Barba, Lorena},
	date = {2018-05-29},
}

@article{kurganov_second-order_2007,
	title = {A Second-Order Well-Balanced Positivity Preserving Central-Upwind Scheme for the Saint-Venant System},
	volume = {5},
	issn = {15396746},
	url = {http://www.intlpress.com/site/pub/pages/journals/items/cms/content/vols/0005/0001/a006/},
	doi = {10.4310/CMS.2007.v5.n1.a6},
	pages = {133--160},
	number = {1},
	journaltitle = {Communications in Mathematical Sciences},
	author = {Kurganov, Alexander and Petrova, Guergana},
	date = {2007},
}

@inproceedings{chuang_geoclaw-arcgis_2019,
	location = {Houston, {TX}, {USA}},
	title = {{GeoClaw}-{ArcGIS} Integration for Advanced Modeling of Overland Hydrocarbon Plumes},
	url = {https://proceedings.esri.com/library/userconf/petrol19/papers/PetroGIS_31.pdf},
	doi = {10.6084/m9.figshare.9745187.v2},
	eventtitle = {2019 Esri Petroleum {GIS} Conference},
	booktitle = {2019 Petroleum {GIS} Conference Proceedings},
	author = {Chuang, Pi-Yueh and Thorleifson, Tracy and Barba, Lorena A.},
	urldate = {2020-08-16},
	date = {2019-05},
	langid = {english},
}

@online{us_department_of_energy_argonne_2019,
	title = {The Argonne National Laboratory Supercomputer will Enable High Performance Computing and Artificial Intelligence at Exascale by 2021},
	url = {https://www.energy.gov/articles/us-department-energy-and-intel-build-first-exascale-supercomputer},
	author = {{US Department of Energy}},
	urldate = {2019-08-06},
	date = {2019},
}

@online{buck_nvidias_2015,
	title = {{NVIDIA}’s Next-Gen Pascal {GPU} Architecture to Provide 10x Speedup for Deep Learning Apps},
	url = {https://blogs.nvidia.com/blog/2015/03/17/pascal/},
	author = {Buck, Ian},
	urldate = {2019-08-08},
	date = {2015},
}

@article{linse_identification_1993,
	title = {Identification of aerodynamic coefficients using computational neural networks},
	volume = {16},
	issn = {0731-5090},
	url = {http://link.springer.com/10.1007/0-306-48610-5_9},
	doi = {10.2514/3.21122},
	pages = {1018--1025},
	number = {6},
	journaltitle = {Journal of Guidance, Control, and Dynamics},
	author = {Linse, Dennis J. and Stengel, Robert F.},
	date = {1993-11},
}

@article{li_numerical_2003,
	title = {Numerical solution of elliptic partial differential equation using radial basis function neural networks},
	volume = {16},
	issn = {08936080},
	url = {https://linkinghub.elsevier.com/retrieve/pii/S0893608003000832},
	doi = {10.1016/S0893-6080(03)00083-2},
	pages = {729--734},
	number = {5},
	journaltitle = {Neural Networks},
	shortjournal = {Neural Networks},
	author = {Li, Jianyu and Luo, Siwei and Qi, Yingjian and Huang, Yaping},
	date = {2003-06},
	langid = {english},
}

@article{faller_unsteady_1997,
	title = {Unsteady Fluid Mechanics Applications of Neural Networks},
	volume = {34},
	issn = {0021-8669},
	url = {http://arc.aiaa.org/doi/10.2514/2.2134},
	doi = {10.2514/2.2134},
	pages = {48--55},
	number = {1},
	journaltitle = {Journal of Aircraft},
	author = {Faller, William E. and Schreck, Scott J.},
	date = {1997-01},
}

@book{nielsen_neural_2015,
	title = {Neural Networks and Deep Learning},
	url = {http://neuralnetworksanddeeplearning.com},
	publisher = {Determination Press},
	author = {Nielsen, Michael},
	urldate = {2019-10-19},
	date = {2015},
}

@book{goodfellow_deep_2016,
	title = {Deep Learning},
	isbn = {978-0-262-03561-3},
	url = {http://www.deeplearningbook.org/},
	pagetotal = {800},
	publisher = {{MIT} Press},
	author = {Goodfellow, Ian and Bengio, Yoshua and Courville, Aaron},
	urldate = {2019-10-19},
	date = {2016-11-10},
}

@article{lagaris_artificial_1998,
	title = {Artificial neural networks for solving ordinary and partial differential equations},
	volume = {9},
	issn = {10459227},
	url = {http://ieeexplore.ieee.org/document/712178/},
	doi = {10.1109/72.712178},
	pages = {987--1000},
	number = {5},
	journaltitle = {{IEEE} Transactions on Neural Networks},
	shortjournal = {{IEEE} Trans. Neural Netw.},
	author = {Lagaris, I. E. and Likas, A. and Fotiadis, D. I.},
	urldate = {2020-01-20},
	date = {1998-09},
	langid = {english},
	eprinttype = {arxiv},
	eprint = {physics/9705023},
}

@article{xing_high_2005,
	title = {High order finite difference {WENO} schemes with the exact conservation property for the shallow water equations},
	volume = {208},
	issn = {00219991},
	url = {https://linkinghub.elsevier.com/retrieve/pii/S002199910500094X},
	doi = {10.1016/j.jcp.2005.02.006},
	pages = {206--227},
	number = {1},
	journaltitle = {Journal of Computational Physics},
	shortjournal = {Journal of Computational Physics},
	author = {Xing, Yulong and Shu, Chi-Wang},
	urldate = {2020-03-18},
	date = {2005-09},
	langid = {english},
}

@article{laroussi_vortex_2015,
	title = {Vortex Shedding for Flow Past Circular Cylinder: Effects of Initial Conditions},
	volume = {3},
	pages = {19--32},
	journaltitle = {Universal Journal of Fluid Mechanics},
	author = {Laroussi, Mouna and Djebbi, Mohamed},
	date = {2015},
	langid = {english},
}

@article{sen_steady_2009,
	title = {Steady separated flow past a circular cylinder at low Reynolds numbers},
	volume = {620},
	issn = {0022-1120, 1469-7645},
	url = {https://www.cambridge.org/core/product/identifier/S0022112008004904/type/journal_article},
	doi = {10.1017/S0022112008004904},
	pages = {89--119},
	journaltitle = {Journal of Fluid Mechanics},
	shortjournal = {J. Fluid Mech.},
	author = {Sen, Subhankar and Mittal, Sanjay and Biswas, Gautam},
	urldate = {2020-07-11},
	date = {2009-02-10},
	langid = {english},
}

@article{park_numerical_1998,
	title = {Numerical solutions of flow past a circular cylinder at Reynolds numbers up to 160},
	volume = {12},
	issn = {1226-4865},
	url = {http://link.springer.com/10.1007/BF02942594},
	doi = {10.1007/BF02942594},
	pages = {1200--1205},
	number = {6},
	journaltitle = {{KSME} International Journal},
	shortjournal = {{KSME} International Journal},
	author = {Park, Jeongyoung and Kwon, Kiyoung and Choi, Haecheon},
	urldate = {2020-07-11},
	date = {1998-11},
	langid = {english},
}

@article{hornik_approximation_1991,
	title = {Approximation capabilities of multilayer feedforward networks},
	volume = {4},
	issn = {08936080},
	url = {https://linkinghub.elsevier.com/retrieve/pii/089360809190009T},
	doi = {10.1016/0893-6080(91)90009-T},
	pages = {251--257},
	number = {2},
	journaltitle = {Neural Networks},
	shortjournal = {Neural Networks},
	author = {Hornik, Kurt},
	urldate = {2020-08-28},
	date = {1991},
	langid = {english},
}

@article{zhu_physics-constrained_2019,
	title = {Physics-constrained deep learning for high-dimensional surrogate modeling and uncertainty quantification without labeled data},
	volume = {394},
	issn = {00219991},
	url = {https://linkinghub.elsevier.com/retrieve/pii/S0021999119303559},
	doi = {10.1016/j.jcp.2019.05.024},
	pages = {56--81},
	journaltitle = {Journal of Computational Physics},
	shortjournal = {Journal of Computational Physics},
	author = {Zhu, Yinhao and Zabaras, Nicholas and Koutsourelakis, Phaedon-Stelios and Perdikaris, Paris},
	urldate = {2020-09-02},
	date = {2019-10},
	langid = {english},
	eprinttype = {arxiv},
	eprint = {1901.06314},
}

@article{tritton_experiments_1959,
	title = {Experiments on the flow past a circular cylinder at low Reynolds numbers},
	volume = {6},
	issn = {0022-1120, 1469-7645},
	url = {https://www.cambridge.org/core/product/identifier/S0022112059000829/type/journal_article},
	doi = {10.1017/S0022112059000829},
	pages = {547--567},
	number = {4},
	journaltitle = {Journal of Fluid Mechanics},
	shortjournal = {J. Fluid Mech.},
	author = {Tritton, D. J.},
	urldate = {2020-09-18},
	date = {1959-11},
	langid = {english},
}

@article{grove_experimental_1964,
	title = {An experimental investigation of the steady separated flow past a circular cylinder},
	volume = {19},
	issn = {0022-1120, 1469-7645},
	url = {https://www.cambridge.org/core/product/identifier/S0022112064000544/type/journal_article},
	doi = {10.1017/S0022112064000544},
	pages = {60--80},
	number = {1},
	journaltitle = {Journal of Fluid Mechanics},
	shortjournal = {J. Fluid Mech.},
	author = {Grove, A. S. and Shair, F. H. and Petersen, E. E.},
	urldate = {2020-09-18},
	date = {1964-05},
	langid = {english},
}

@article{raissi_physics-informed_2019,
	title = {Physics-informed neural networks: A deep learning framework for solving forward and inverse problems involving nonlinear partial differential equations},
	volume = {378},
	issn = {00219991},
	url = {https://linkinghub.elsevier.com/retrieve/pii/S0021999118307125},
	doi = {10.1016/j.jcp.2018.10.045},
	shorttitle = {Physics-informed neural networks},
	pages = {686--707},
	journaltitle = {Journal of Computational Physics},
	shortjournal = {Journal of Computational Physics},
	author = {Raissi, M. and Perdikaris, P. and Karniadakis, G.E.},
	urldate = {2020-09-20},
	date = {2019-02},
	langid = {english},
}

@article{raissi_physics-informed_2017,
  author    = {Maziar Raissi and
               Paris Perdikaris and
               George E. Karniadakis},
  title     = {Physics Informed Deep Learning (Part {I):} Data-driven Solutions of
               Nonlinear Partial Differential Equations},
  journal   = {CoRR},
  volume    = {abs/1711.10561},
  year      = {2017},
  url       = {http://arxiv.org/abs/1711.10561},
  eprinttype = {arXiv},
  eprint    = {1711.10561},
  timestamp = {Mon, 13 Aug 2018 16:47:03 +0200},
  biburl    = {https://dblp.org/rec/journals/corr/abs-1711-10561.bib},
  bibsource = {dblp computer science bibliography, https://dblp.org}
}

@misc{raissi_physics_2017,
	title = {Physics Informed Deep Learning (Part {II}): Data-driven Discovery of Nonlinear Partial Differential Equations},
	url = {http://arxiv.org/abs/1711.10566},
	shorttitle = {Physics Informed Deep Learning (Part {II})},
	number = {{arXiv}:1711.10566},
	publisher = {{arXiv}},
	author = {Raissi, Maziar and Perdikaris, Paris and Karniadakis, George Em},
	urldate = {2022-08-26},
	date = {2017-11-28},
	eprinttype = {arxiv},
	eprint = {1711.10566 [cs, math, stat]},
	keywords = {data-free {PINNs}},
}

@inproceedings{griewank_automatic_1988,
	location = {Tokyo, Japan},
	title = {On automatic differentiation},
	volume = {6},
	isbn = {978-0-7923-0490-6},
	series = {Mathematics and its Applications},
	eventtitle = {The 13th International Symposium on Mathematical Programming},
	pages = {83--107},
	booktitle = {Mathematical Programming: Recent Developments and Applications},
	publisher = {Springer Netherlands},
	author = {Griewank, Andreas},
	date = {1988-08-29},
	langid = {english},
}

@article{henson_boomeramg_2002,
	title = {{BoomerAMG}: A parallel algebraic multigrid solver and preconditioner},
	volume = {41},
	issn = {01689274},
	url = {https://linkinghub.elsevier.com/retrieve/pii/S0168927401001155},
	doi = {10.1016/S0168-9274(01)00115-5},
	shorttitle = {{BoomerAMG}},
	pages = {155--177},
	number = {1},
	journaltitle = {Applied Numerical Mathematics},
	shortjournal = {Applied Numerical Mathematics},
	author = {Henson, Van Emden and Yang, Ulrike Meier},
	urldate = {2020-10-01},
	date = {2002-04},
	langid = {english},
}

@article{lister_viscous_1992,
	title = {Viscous flows down an inclined plane from point and line sources},
	volume = {242},
	issn = {0022-1120, 1469-7645},
	url = {https://www.cambridge.org/core/product/identifier/S0022112092002520/type/journal_article},
	doi = {10.1017/S0022112092002520},
	pages = {631--653},
	journaltitle = {Journal of Fluid Mechanics},
	shortjournal = {J. Fluid Mech.},
	author = {Lister, John R.},
	urldate = {2020-10-02},
	date = {1992-09},
	langid = {english},
}

@article{deng_hydrodynamic_2007,
	title = {Hydrodynamic studies on two traveling wavy foils in tandem arrangement},
	volume = {19},
	issn = {1070-6631, 1089-7666},
	url = {http://aip.scitation.org/doi/10.1063/1.2814259},
	doi = {10.1063/1.2814259},
	pages = {113104},
	number = {11},
	journaltitle = {Physics of Fluids},
	shortjournal = {Physics of Fluids},
	author = {Deng, Jian and Shao, Xue-Ming and Yu, Zhao-Sheng},
	urldate = {2022-05-23},
	date = {2007-11},
	langid = {english},
}

@article{hao_ai_2020,
	title = {{AI} has cracked a key mathematical puzzle for understanding our world},
	url = {https://www.technologyreview.com/2020/10/30/1011435/ai-fourier-neural-network-cracks-navier-stokes-and-partial-differential-equations/},
	journaltitle = {{MIT} Technology Review},
	author = {Hao, Karen},
	date = {2020-10-30}
}

@book{trefethen_spectral_2000,
	location = {Philadelphia, {PA}},
	title = {Spectral Methods in {MATLAB}},
	isbn = {978-0-89871-465-4},
	url = {http://epubs.siam.org/doi/book/10.1137/1.9780898719598},
	series = {Software, environments, tools},
	pagetotal = {165},
	publisher = {Society for Industrial and Applied Mathematics},
	author = {Trefethen, Lloyd N.},
	urldate = {2022-05-25},
	date = {2000-01},
	langid = {english},
	doi = {10.1137/1.9780898719598},
}

@misc{thuerey_physics-based_2022,
	title = {Physics-based Deep Learning},
	url = {http://arxiv.org/abs/2109.05237},
	number = {{arXiv}:2109.05237},
	publisher = {{arXiv}},
	author = {Thuerey, Nils and Holl, Philipp and Mueller, Maximilian and Schnell, Patrick and Trost, Felix and Um, Kiwon},
	urldate = {2022-05-25},
	date = {2022-04-25},
	eprinttype = {arxiv},
	eprint = {2109.05237 [physics]},
	note = {Number: {arXiv}:2109.05237},
}

@article{gushchin_numerical_1974,
	title = {A numerical method of solving the Navier-Stokes equations},
	volume = {14},
	issn = {00415553},
	url = {https://linkinghub.elsevier.com/retrieve/pii/0041555374900615},
	doi = {10.1016/0041-5553(74)90061-5},
	pages = {242--250},
	number = {2},
	journaltitle = {{USSR} Computational Mathematics and Mathematical Physics},
	shortjournal = {{USSR} Computational Mathematics and Mathematical Physics},
	author = {Gushchin, V.A. and Shchennikov, V.V.},
	urldate = {2022-05-26},
	date = {1974-01},
	langid = {english},
}

@article{cai_physics-informed_2021,
	title = {Physics-informed neural networks ({PINNs}) for fluid mechanics: a review},
	volume = {37},
	issn = {0567-7718, 1614-3116},
	url = {https://link.springer.com/10.1007/s10409-021-01148-1},
	doi = {10.1007/s10409-021-01148-1},
	shorttitle = {Physics-informed neural networks ({PINNs}) for fluid mechanics},
	pages = {1727--1738},
	number = {12},
	journaltitle = {Acta Mechanica Sinica},
	shortjournal = {Acta Mech. Sin.},
	author = {Cai, Shengze and Mao, Zhiping and Wang, Zhicheng and Yin, Minglang and Karniadakis, George Em},
	urldate = {2022-06-28},
	date = {2021-12},
	langid = {english},
}

@inproceedings{jiang_meshfreeflownet_2020,
	location = {Atlanta, {GA}, {USA}},
	title = {{MESHFREEFLOWNET}: A Physics-Constrained Deep Continuous Space-Time Super-Resolution Framework},
	isbn = {978-1-72819-998-6},
	url = {https://ieeexplore.ieee.org/document/9355293/},
	doi = {10.1109/SC41405.2020.00013},
	shorttitle = {{MESHFREEFLOWNET}},
	eventtitle = {{SC}20: International Conference for High Performance Computing, Networking, Storage and Analysis},
	pages = {1--15},
	booktitle = {{SC}20: International Conference for High Performance Computing, Networking, Storage and Analysis},
	publisher = {{IEEE}},
	author = {Jiang, Chiyu {lMaxr} and Esmaeilzadeh, Soheil and Azizzadenesheli, Kamyar and Kashinath, Karthik and Mustafa, Mustafa and Tchelepi, Hamdi A. and Marcus, Philip and Prabhat, Mr and Anandkumar, Anima},
	urldate = {2022-07-01},
	date = {2020-11},
}

@article{bhalla_unified_2013,
	title = {A unified mathematical framework and an adaptive numerical method for fluid–structure interaction with rigid, deforming, and elastic bodies},
	volume = {250},
	doi = {10.1016/j.jcp.2013.04.033},
	pages = {446--476},
	journaltitle = {Journal of Computational Physics},
	author = {Bhalla, Amneet Pal Singh and Bale, Rahul and Griffith, Boyce E and Patankar, Neelesh A},
	date = {2013},
	note = {Publisher: Elsevier}
}

@article{gresho_pressure_1987,
	title = {On pressure boundary conditions for the incompressible Navier-Stokes equations},
	volume = {7},
	doi = {10.1002/fld.1650071008},
	pages = {1111--1145},
	number = {10},
	journaltitle = {International Journal for Numerical Methods in Fluids},
	author = {Gresho, Philip M and Sani, Robert L},
	date = {1987},
	note = {Publisher: Wiley Online Library}
}

@article{krishnan_cuibm_2017,
	title = {{cuIBM}: a {GPU}-based immersed boundary method code},
	volume = {2},
	url = {https://doi.org/10.21105/joss.00301},
	doi = {10.21105/joss.00301},
	pages = {301},
	number = {15},
	journaltitle = {The Journal of Open Source Software},
	author = {Krishnan, Anush and Mesnard, Olivier and Barba, Lorena A.},
	date = {2017-07},
	note = {Publisher: The Open Journal}
}

@article{mesnard_reproducible_2017,
	title = {Reproducible and Replicable Computational Fluid Dynamics: It's Harder Than You Think},
	volume = {19},
	doi = {10.1109/MCSE.2017.3151254},
	pages = {44--55},
	number = {4},
	journaltitle = {Computing in Science \& Engineering},
	author = {Mesnard, Olivier and Barba, Lorena A},
	date = {2017},
	note = {Publisher: {IEEE}}
}

@report{balay_petsc_2017,
	title = {{PETSc} Users Manual},
	number = {{ANL}-95/11 - Revision 3.8},
	institution = {Argonne National Laboratory},
	author = {Balay, Satish and Abhyankar, Shrirang and Adams, Mark F. and Brown, Jed and Brune, Peter and Buschelman, Kris and Dalcin, Lisandro and Eijkhout, Victor and Gropp, William D. and Kaushik, Dinesh and Knepley, Matthew G. and {McInnes}, Lois Curfman and Rupp, Karl and Smith, Barry F. and Zampini, Stefano and Zhang, Hong and Zhang, Hong},
	date = {2017},
}

@misc{hendrycks_gaussian_2020,
	title = {Gaussian Error Linear Units ({GELUs})},
	url = {http://arxiv.org/abs/1606.08415},
	number = {{arXiv}:1606.08415},
	publisher = {{arXiv}},
	author = {Hendrycks, Dan and Gimpel, Kevin},
	urldate = {2022-08-18},
	date = {2020-07-08},
	eprinttype = {arxiv},
	eprint = {1606.08415 [cs]},
}

@incollection{arge_efficient_1997,
	location = {Boston, {MA}},
	title = {Efficient Management of Parallelism in Object-Oriented Numerical Software Libraries},
	isbn = {978-1-4612-7368-4 978-1-4612-1986-6},
	url = {http://link.springer.com/10.1007/978-1-4612-1986-6_8},
	pages = {163--202},
	booktitle = {Modern Software Tools for Scientific Computing},
	publisher = {Birkhäuser Boston},
	author = {Balay, Satish and Gropp, William D. and {McInnes}, Lois Curfman and Smith, Barry F.},
	editor = {Arge, Erlend and Bruaset, Are Magnus and Langtangen, Hans Petter},
	urldate = {2022-08-18},
	date = {1997},
	langid = {english},
	doi = {10.1007/978-1-4612-1986-6_8},
}

@incollection{chandrasekaran_example_2018,
	location = {Cham},
	title = {An Example of Porting {PETSc} Applications to Heterogeneous Platforms with {OpenACC}},
	volume = {10732},
	isbn = {978-3-319-74895-5 978-3-319-74896-2},
	url = {http://link.springer.com/10.1007/978-3-319-74896-2_1},
	pages = {3--19},
	booktitle = {Accelerator Programming Using Directives},
	publisher = {Springer International Publishing},
	author = {Chuang, Pi-Yueh and Foertter, Fernanda S.},
	editor = {Chandrasekaran, Sunita and Juckeland, Guido},
	urldate = {2022-08-18},
	date = {2018},
	doi = {10.1007/978-3-319-74896-2_1},
	note = {Series Title: Lecture Notes in Computer Science},
}

@article{sani_resume_1994,
	title = {Résumé and remarks on the open boundary condition minisymposium},
	volume = {18},
	issn = {0271-2091, 1097-0363},
	url = {https://onlinelibrary.wiley.com/doi/10.1002/fld.1650181006},
	doi = {10.1002/fld.1650181006},
	pages = {983--1008},
	number = {10},
	journaltitle = {International Journal for Numerical Methods in Fluids},
	shortjournal = {Int. J. Numer. Meth. Fluids},
	author = {Sani, R. L. and Gresho, P. M.},
	urldate = {2022-08-18},
	date = {1994-05-30},
	langid = {english}
}

@article{chuang_geoclaw-landspill_2021,
	title = {geoclaw-landspill: an oil land-spill and overland flow simulator for pipeline rupture events},
	volume = {6},
	issn = {2475-9066},
	url = {https://joss.theoj.org/papers/10.21105/joss.03114},
	doi = {10.21105/joss.03114},
	shorttitle = {geoclaw-landspill},
	pages = {3114},
	number = {62},
	journaltitle = {Journal of Open Source Software},
	shortjournal = {{JOSS}},
	author = {Chuang, Pi-Yueh and Thorleifson, Tracy and Barba, Lorena},
	urldate = {2022-08-18},
	date = {2021-06-10},
}

@misc{dockhorn_discussion_2019,
	title = {A Discussion on Solving Partial Differential Equations using Neural Networks},
	url = {http://arxiv.org/abs/1904.07200},
	number = {{arXiv}:1904.07200},
	publisher = {{arXiv}},
	author = {Dockhorn, Tim},
	urldate = {2022-08-18},
	date = {2019-04-15},
	eprinttype = {arxiv},
	eprint = {1904.07200 [cs, math, stat]},
}

@report{chuang_python_2019,
	location = {Austin, {TX}, {USA}},
	title = {Python Workflow for High-Fidelity Modeling of Overland Hydrocarbon Flows with {GeoClaw} and Cloud Computing},
	url = {https://zenodo.org/record/3346190},
	author = {Chuang, Pi-Yueh and Thorleifson, Tracy and Barba, Lorena},
	urldate = {2022-08-18},
	date = {2019},
	langid = {english},
	doi = {10.25080/Majora-7ddc1dd1-017},
	note = {Type: dataset},
}

@inproceedings{chuang_experience_2022,
	location = {Austin, Texas},
	title = {Experience report of physics-informed neural networks in fluid simulations: pitfalls and frustration},
	url = {https://conference.scipy.org/proceedings/scipy2022/PiYueh_Chuang.html},
	doi = {10.25080/majora-212e5952-005},
	shorttitle = {Experience report of physics-informed neural networks in fluid simulations},
	eventtitle = {Python in Science Conference},
	pages = {28--36},
	author = {Chuang, Pi-Yueh and Barba, Lorena},
	urldate = {2022-08-18},
	date = {2022},
}

@article{rosetti_urans_2012,
	title = {{URANS} Calculations for Smooth Circular Cylinder Flow in a Wide Range of Reynolds Numbers: Solution Verification and Validation},
	volume = {134},
	issn = {0098-2202, 1528-901X},
	url = {https://asmedigitalcollection.asme.org/fluidsengineering/article/doi/10.1115/1.4007571/372953/URANS-Calculations-for-Smooth-Circular-Cylinder},
	doi = {10.1115/1.4007571},
	shorttitle = {{URANS} Calculations for Smooth Circular Cylinder Flow in a Wide Range of Reynolds Numbers},
	pages = {121103},
	number = {12},
	journaltitle = {Journal of Fluids Engineering},
	author = {Rosetti, Guilherme F. and Vaz, Guilherme and Fujarra, André L. C.},
	urldate = {2022-08-23},
	date = {2012-12-01},
	langid = {english},
}

@article{dissanayake_neural-network-based_1994,
	title = {Neural-network-based approximations for solving partial differential equations},
	volume = {10},
	issn = {10698299},
	url = {https://onlinelibrary.wiley.com/doi/10.1002/cnm.1640100303},
	doi = {10.1002/cnm.1640100303},
	pages = {195--201},
	number = {3},
	journaltitle = {Communications in Numerical Methods in Engineering},
	shortjournal = {Commun. Numer. Meth. Engng.},
	author = {Dissanayake, M. W. M. G. and Phan-Thien, N.},
	urldate = {2022-07-04},
	date = {1994-03},
	langid = {english},
}

@book{yadav_introduction_2015,
	location = {Dordrecht},
	title = {An Introduction to Neural Network Methods for Differential Equations},
	isbn = {978-94-017-9815-0 978-94-017-9816-7},
	url = {http://link.springer.com/10.1007/978-94-017-9816-7},
	series = {{SpringerBriefs} in Applied Sciences and Technology},
	publisher = {Springer Netherlands},
	author = {Yadav, Neha and Yadav, Anupam and Kumar, Manoj},
	urldate = {2022-08-24},
	date = {2015},
	langid = {english},
	doi = {10.1007/978-94-017-9816-7},
}

@article{mai-duy_numerical_2001,
	title = {Numerical solution of differential equations using multiquadric radial basis function networks},
	volume = {14},
	issn = {08936080},
	url = {https://linkinghub.elsevier.com/retrieve/pii/S0893608000000952},
	doi = {10.1016/S0893-6080(00)00095-2},
	pages = {185--199},
	number = {2},
	journaltitle = {Neural Networks},
	shortjournal = {Neural Networks},
	author = {Mai-Duy, Nam and Tran-Cong, Thanh},
	urldate = {2022-08-24},
	date = {2001-03},
	langid = {english},
}%  

@article{takeuchi_neural_1994,
	title = {Neural network representation of finite element method},
	volume = {7},
	issn = {08936080},
	url = {https://linkinghub.elsevier.com/retrieve/pii/0893608094900310},
	doi = {10.1016/0893-6080(94)90031-0},
	pages = {389--395},
	number = {2},
	journaltitle = {Neural Networks},
	shortjournal = {Neural Networks},
	author = {Takeuchi, Jun and Kosugi, Yukio},
	urldate = {2022-08-24},
	date = {1994-01},
	langid = {english},
}

@inproceedings{li_integration_2010,
	location = {Wuxi, China},
	title = {Integration Wavelet Neural Network for Steady Convection Dominated Diffusion Problem},
	isbn = {978-1-4244-7081-5},
	url = {http://ieeexplore.ieee.org/document/5514087/},
	doi = {10.1109/ICIC.2010.121},
	eventtitle = {2010 Third International Conference on Information and Computing Science ({ICIC})},
	pages = {109--112},
	booktitle = {2010 Third International Conference on Information and Computing},
	publisher = {{IEEE}},
	author = {Li, Xuejuan and Ouyang, Jie and Li, Qiang and Ren, Jinlian},
	urldate = {2022-08-24},
	date = {2010-06},
	langid = {english},
}

@article{McFall2009,
	title = {Artificial Neural Network Method for Solution of Boundary Value Problems With Exact Satisfaction of Arbitrary Boundary Conditions},
	volume = {20},
	issn = {1045-9227, 1941-0093},
	url = {http://ieeexplore.ieee.org/document/5061501/},
	doi = {10.1109/TNN.2009.2020735},
	pages = {1221--1233},
	number = {8},
	journaltitle = {{IEEE} Transactions on Neural Networks},
	shortjournal = {{IEEE} Trans. Neural Netw.},
	author = {{McFall}, Kevin Stanley and Mahan, James Robert},
	date = {2009-08},
}

@inproceedings{mcfall_solving_2010,
	location = {Atlanta, {GA}, {USA}},
	title = {Solving coupled systems of differential equations using the length factor artificial neural network method},
	volume = {9},
	url = {http://facultyweb.kennesaw.edu/kmcfall/2010ECTJ.pdf},
	eventtitle = {2010 {ASME} Early Career Technical Conference, {ASME} {ECTC}},
	pages = {8},
	booktitle = {{ASME} Early Career Technical Journal},
	author = {{McFall}, Kevin Stanley},
	date = {2010-10},
	langid = {english},
} 

@inproceedings{Tracey2015,
	location = {Reston, Virginia},
	title = {A Machine Learning Strategy to Assist Turbulence Model Development},
	isbn = {978-1-62410-343-8},
	url = {http://arc.aiaa.org/doi/10.2514/6.2015-1287},
	doi = {10.2514/6.2015-1287},
	pages = {1--23},
	booktitle = {53rd {AIAA} Aerospace Sciences Meeting},
	publisher = {American Institute of Aeronautics and Astronautics},
	author = {Tracey, Brendan D. and Duraisamy, Karthikeyan and Alonso, Juan J.},
	date = {2015-01-05},
	note = {Issue: January},
}

@article{milano_neural_2002,
	title = {Neural Network Modeling for Near Wall Turbulent Flow},
	volume = {182},
	issn = {00219991},
	url = {https://linkinghub.elsevier.com/retrieve/pii/S0021999102971469},
	doi = {10.1006/jcph.2002.7146},
	pages = {1--26},
	number = {1},
	journaltitle = {Journal of Computational Physics},
	author = {Milano, Michele and Koumoutsakos, Petros},
	date = {2002-10},
} 

@book{jiang_least-squares_1998,
	location = {Berlin, Heidelberg},
	title = {The Least-Squares Finite Element Method: Theory and Applications in Computational Fluid Dynamics and Electromagnetics},
	isbn = {978-3-642-08367-9 978-3-662-03740-9},
	url = {http://link.springer.com/10.1007/978-3-662-03740-9},
	series = {Scientific Computation},
	shorttitle = {The Least-Squares Finite Element Method},
	publisher = {Springer Berlin Heidelberg},
	author = {Jiang, Bo-nan},
	urldate = {2022-08-25},
	date = {1998},
	langid = {english},
	doi = {10.1007/978-3-662-03740-9},
}

@article{demirkaya_direct_2008,
	title = {Direct solution of Navier–Stokes equations by radial basis functions},
	volume = {32},
	issn = {0307904X},
	url = {https://linkinghub.elsevier.com/retrieve/pii/S0307904X07001436},
	doi = {10/cq8w52},
	pages = {1848--1858},
	number = {9},
	journaltitle = {Applied Mathematical Modelling},
	shortjournal = {Applied Mathematical Modelling},
	author = {Demirkaya, G. and Wafo Soh, C. and Ilegbusi, O.J.},
	urldate = {2019-11-09},
	date = {2008-09},
	langid = {english},
}

@article{wang_meshless_2015,
	title = {A Meshless Local Radial Basis Function Method for Two-Dimensional Incompressible Navier-Stokes Equations},
	volume = {67},
	issn = {1040-7790, 1521-0626},
	url = {http://www.tandfonline.com/doi/abs/10.1080/10407790.2014.955779},
	doi = {10/ggcmxv},
	pages = {320--337},
	number = {4},
	journaltitle = {Numerical Heat Transfer, Part B: Fundamentals},
	shortjournal = {Numerical Heat Transfer, Part B: Fundamentals},
	author = {Wang, Zhi Heng and Huang, Zhu and Zhang, Wei and Xi, Guang},
	urldate = {2019-11-09},
	date = {2015-04-03},
	langid = {english},
}

@article{berg_unified_2018,
	title = {A unified deep artificial neural network approach to partial differential equations in complex geometries},
	volume = {317},
	issn = {09252312},
	url = {https://linkinghub.elsevier.com/retrieve/pii/S092523121830794X},
	doi = {10.1016/j.neucom.2018.06.056},
	pages = {28--41},
	journaltitle = {Neurocomputing},
	shortjournal = {Neurocomputing},
	author = {Berg, Jens and Nyström, Kaj},
	urldate = {2020-09-02},
	date = {2018-11},
	langid = {english},
	keywords = {data-free {PINNs}, solving {PDE} with {ANN}},
}

@article{sirignano_dgm:_2018,
	title = {{DGM}: A deep learning algorithm for solving partial differential equations},
	volume = {375},
	issn = {00219991},
	url = {https://linkinghub.elsevier.com/retrieve/pii/S0021999118305527},
	doi = {10.1016/j.jcp.2018.08.029},
	shorttitle = {{DGM}},
	pages = {1339--1364},
	journaltitle = {Journal of Computational Physics},
	shortjournal = {Journal of Computational Physics},
	author = {Sirignano, Justin and Spiliopoulos, Konstantinos},
	urldate = {2020-09-02},
	date = {2018-12},
	langid = {english},
	keywords = {data-free {PINNs}},
}


@article{lu_deepxde:_2021,
	title = {{DeepXDE}: A Deep Learning Library for Solving Differential Equations},
	volume = {63},
	issn = {0036-1445, 1095-7200},
	url = {https://epubs.siam.org/doi/10.1137/19M1274067},
	doi = {10.1137/19M1274067},
	shorttitle = {{DeepXDE}},
	pages = {208--228},
	number = {1},
	journaltitle = {{SIAM} Review},
	shortjournal = {{SIAM} Rev.},
	author = {Lu, Lu and Meng, Xuhui and Mao, Zhiping and Karniadakis, George Em},
	urldate = {2022-07-04},
	date = {2021-01},
	langid = {english},
	keywords = {data-free {PINNs}},
}

@article{jin_nsfnets_2020,
	title = {{NSFnets} (Navier-Stokes Flow nets): Physics-informed neural networks for the incompressible Navier-Stokes equations},
	url = {http://arxiv.org/abs/2003.06496},
	shorttitle = {{NSFnets} (Navier-Stokes Flow nets)},
	journaltitle = {{arXiv}:2003.06496 [physics]},
	author = {Jin, Xiaowei and Cai, Shengze and Li, Hui and Karniadakis, George Em},
	urldate = {2020-03-31},
	date = {2020-03-13},
	langid = {english},
	eprinttype = {arxiv},
	eprint = {2003.06496},
	keywords = {data-free {PINNs}},
}

@article{hochreiter_long_1997,
	title = {Long Short-Term Memory},
	volume = {9},
	issn = {0899-7667, 1530-888X},
	url = {https://direct.mit.edu/neco/article/9/8/1735-1780/6109},
	doi = {10.1162/neco.1997.9.8.1735},
	pages = {1735--1780},
	number = {8},
	journaltitle = {Neural Computation},
	shortjournal = {Neural Computation},
	author = {Hochreiter, Sepp and Schmidhuber, Jürgen},
	urldate = {2022-08-25},
	date = {1997-11-01},
	langid = {english}
}

@article{rudd_constrained_2015,
	title = {A constrained integration ({CINT}) approach to solving partial differential equations using artificial neural networks},
	volume = {155},
	issn = {09252312},
	url = {https://linkinghub.elsevier.com/retrieve/pii/S092523121401652X},
	doi = {10.1016/j.neucom.2014.11.058},
	pages = {277--285},
	journaltitle = {Neurocomputing},
	shortjournal = {Neurocomputing},
	author = {Rudd, Keith and Ferrari, Silvia},
	urldate = {2022-08-25},
	date = {2015-05},
	langid = {english},
}

@article{rudd_constrained_2014,
	title = {A Constrained Backpropagation Approach for the Adaptive Solution of Partial Differential Equations},
	volume = {25},
	issn = {2162-237X, 2162-2388},
	url = {https://ieeexplore.ieee.org/document/6658964/},
	doi = {10.1109/TNNLS.2013.2277601},
	pages = {571--584},
	number = {3},
	journaltitle = {{IEEE} Transactions on Neural Networks and Learning Systems},
	shortjournal = {{IEEE} Trans. Neural Netw. Learning Syst.},
	author = {Rudd, Keith and Muro, Gianluca Di and Ferrari, Silvia},
	urldate = {2022-08-25},
	date = {2014-03},
}


@article{wang_understanding_2021,
	title = {Understanding and Mitigating Gradient Flow Pathologies in Physics-Informed Neural Networks},
	volume = {43},
	issn = {1064-8275, 1095-7197},
	url = {https://epubs.siam.org/doi/10.1137/20M1318043},
	doi = {10.1137/20M1318043},
	pages = {A3055--A3081},
	number = {5},
	journaltitle = {{SIAM} Journal on Scientific Computing},
	shortjournal = {{SIAM} J. Sci. Comput.},
	author = {Wang, Sifan and Teng, Yujun and Perdikaris, Paris},
	urldate = {2022-07-04},
	date = {2021-01},
	langid = {english},
}

@article{kingma_adam_2017,
	title = {Adam: A Method for Stochastic Optimization},
	url = {http://arxiv.org/abs/1412.6980},
	shorttitle = {Adam},
	journaltitle = {{arXiv}:1412.6980 [cs]},
	author = {Kingma, Diederik P. and Ba, Jimmy},
	urldate = {2021-08-11},
	date = {2017-01-29},
	langid = {english},
	eprinttype = {arxiv},
	eprint = {1412.6980},
}

@inproceedings{krishnapriyan_characterizing_2021,
	title = {Characterizing possible failure modes in physics-informed neural networks},
	volume = {34},
	url = {https://proceedings.neurips.cc/paper/2021/file/df438e5206f31600e6ae4af72f2725f1-Paper.pdf},
	pages = {26548--26560},
	booktitle = {Advances in Neural Information Processing Systems},
	publisher = {Curran Associates, Inc.},
	author = {Krishnapriyan, Aditi and Gholami, Amir and Zhe, Shandian and Kirby, Robert and Mahoney, Michael W},
	editor = {Ranzato, M. and Beygelzimer, A. and Dauphin, Y. and Liang, P. S. and Vaughan, J. Wortman},
	date = {2021},
}

@article{wang_when_2022,
	title = {When and why {PINNs} fail to train: A neural tangent kernel perspective},
	volume = {449},
	issn = {00219991},
	url = {https://linkinghub.elsevier.com/retrieve/pii/S002199912100663X},
	doi = {10.1016/j.jcp.2021.110768},
	shorttitle = {When and why {PINNs} fail to train},
	pages = {110768},
	journaltitle = {Journal of Computational Physics},
	shortjournal = {Journal of Computational Physics},
	author = {Wang, Sifan and Yu, Xinling and Perdikaris, Paris},
	urldate = {2022-06-11},
	date = {2022-01},
	langid = {english},
}

@article{Peskin2002,
	title = {The immersed boundary method},
	volume = {11},
	issn = {0962-4929},
	doi = {10.1017/S0962492902000077},
	pages = {479--517},
	issue = {January 2002},
	journaltitle = {Acta Numerica},
	author = {Peskin, C. S.},
	date = {2002},
	note = {{ISBN}: 1064827500},
}

@article{sao_communication-avoiding_2019,
	title = {A communication-avoiding 3D algorithm for sparse {LU} factorization on heterogeneous systems},
	volume = {131},
	issn = {07437315},
	url = {https://linkinghub.elsevier.com/retrieve/pii/S0743731518305197},
	doi = {10.1016/j.jpdc.2019.03.004},
	pages = {218--234},
	journaltitle = {Journal of Parallel and Distributed Computing},
	shortjournal = {Journal of Parallel and Distributed Computing},
	author = {Sao, Piyush and Li, Xiaoye S. and Vuduc, Richard},
	urldate = {2022-08-29},
	date = {2019-09},
	langid = {english},
}

@software{noauthor_hypre_nodate,
	title = {hypre: High Performance Preconditioners},
	url = {https://llnl.gov/casc/hypre}
}

@inproceedings{debonis_solutions_2013,
	location = {Grapevine (Dallas/Ft. Worth Region), Texas},
	title = {Solutions of the Taylor-Green Vortex Problem Using High-Resolution Explicit Finite Difference Methods},
	isbn = {978-1-62410-181-6},
	url = {https://arc.aiaa.org/doi/10.2514/6.2013-382},
	doi = {10.2514/6.2013-382},
	eventtitle = {51st {AIAA} Aerospace Sciences Meeting including the New Horizons Forum and Aerospace Exposition},
	booktitle = {51st {AIAA} Aerospace Sciences Meeting including the New Horizons Forum and Aerospace Exposition},
	publisher = {American Institute of Aeronautics and Astronautics},
	author = {{DeBonis}, James},
	urldate = {2022-05-20},
	date = {2013-01-07},
	langid = {english},
}

@inproceedings{taira_unsteadiness_2007,
	location = {Reno, Nevada},
	title = {Unsteadiness in Flow over a Flat Plate at Angle-of-Attack at Low Reynolds Numbers},
	isbn = {978-1-62410-012-3},
	url = {https://arc.aiaa.org/doi/10.2514/6.2007-710},
	doi = {10.2514/6.2007-710},
	eventtitle = {45th {AIAA} Aerospace Sciences Meeting and Exhibit},
	booktitle = {45th {AIAA} Aerospace Sciences Meeting and Exhibit},
	publisher = {American Institute of Aeronautics and Astronautics},
	author = {Taira, Kunihiko and Dickson, William and Colonius, Tim and Dickinson, Michael and Rowley, Clarence},
	urldate = {2022-08-29},
	date = {2007-01-08},
	langid = {english},
}

@book{clift_bubbles_2013,
	location = {Mineola, {NY}},
	edition = {Nachdr. der Ausg. New York, {NY} Acad. Press, 1978},
	title = {Bubbles, drops, and particles},
	isbn = {978-0-486-44580-9},
	pagetotal = {381},
	publisher = {Dover Publ},
	author = {Clift, Roland and Grace, John R. and Weber, Martin E.},
	date = {2013}
}

@article{roos_experimental_1971,
	title = {Some experimental results on sphere and disk drag},
	volume = {9},
	issn = {0001-1452, 1533-385X},
	url = {https://arc.aiaa.org/doi/10.2514/3.6164},
	doi = {10.2514/3.6164},
	pages = {285--291},
	number = {2},
	journaltitle = {{AIAA} Journal},
	shortjournal = {{AIAA} Journal},
	author = {Roos, Frederick W. and Willmarth, William W.},
	urldate = {2022-08-29},
	date = {1971-02},
	langid = {english}
}

@article{kim_immersed-boundary_2001,
	title = {An Immersed-Boundary Finite-Volume Method for Simulations of Flow in Complex Geometries},
	volume = {171},
	issn = {00219991},
	url = {https://linkinghub.elsevier.com/retrieve/pii/S0021999101967786},
	doi = {10.1006/jcph.2001.6778},
	pages = {132--150},
	number = {1},
	journaltitle = {Journal of Computational Physics},
	shortjournal = {Journal of Computational Physics},
	author = {Kim, Jungwoo and Kim, Dongjoo and Choi, Haecheon},
	urldate = {2022-08-29},
	date = {2001-07},
	langid = {english}
}

@article{Calhoun2002,
	title = {A Cartesian Grid Method for Solving the Two-Dimensional Streamfunction-Vorticity Equations in Irregular Regions},
	volume = {176},
	issn = {00219991},
	url = {http://linkinghub.elsevier.com/retrieve/pii/S0021999101969700},
	doi = {10.1006/jcph.2001.6970},
	pages = {231--275},
	number = {2},
	journaltitle = {Journal of Computational Physics},
	author = {Calhoun, Donna},
	date = {2002-03},
}

@article{Russell2003,
	title = {A cartesian grid method for modeling multiple moving objects in 2D incompressible viscous flow},
	volume = {191},
	issn = {00219991},
	url = {http://linkinghub.elsevier.com/retrieve/pii/S0021999103003103},
	doi = {10.1016/S0021-9991(03)00310-3},
	pages = {177--205},
	number = {1},
	journaltitle = {Journal of Computational Physics},
	author = {Russell, David and Jane Wang, Z.},
	date = {2003-10},
	note = {{ISBN}: 1607254859},
}

@article{choi_immersed_2007,
	title = {An immersed boundary method for complex incompressible flows},
	volume = {224},
	issn = {00219991},
	url = {https://linkinghub.elsevier.com/retrieve/pii/S0021999106005481},
	doi = {10.1016/j.jcp.2006.10.032},
	pages = {757--784},
	number = {2},
	journaltitle = {Journal of Computational Physics},
	shortjournal = {Journal of Computational Physics},
	author = {Choi, Jung-Il and Oberoi, Roshan C. and Edwards, Jack R. and Rosati, Jacky A.},
	urldate = {2022-08-29},
	date = {2007-06},
	langid = {english}
}

@online{noauthor_1st_2012,
	title = {1st International Workshop on High-Order {CFD} Methods at the 50th {AIAA} Aerospace Sciences Meeting, Nashville, Tennessee},
	url = {https://web.archive.org/web/20210617060358/https://cfd.ku.edu/hiocfd.html},
	shorttitle = {1st International Workshop on High-Order {CFD} Methods},
	urldate = {2022-08-29},
	date = {2012},
	langid = {english}
}

@article{laroussi_triggering_2014,
	title = {Triggering vortex shedding for flow past circular cylinder by acting on initial conditions: A numerical study},
	volume = {101},
	issn = {00457930},
	url = {https://linkinghub.elsevier.com/retrieve/pii/S0045793014002412},
	doi = {10.1016/j.compfluid.2014.05.034},
	shorttitle = {Triggering vortex shedding for flow past circular cylinder by acting on initial conditions},
	pages = {194--207},
	journaltitle = {Computers \& Fluids},
	shortjournal = {Computers \& Fluids},
	author = {Laroussi, Mouna and Djebbi, Mohamed and Moussa, Mahmoud},
	urldate = {2020-07-10},
	date = {2014-09},
	langid = {english},
}


@inproceedings{salimans_weight_2016,
	title = {Weight Normalization: A Simple Reparameterization to Accelerate Training of Deep Neural Networks},
	volume = {29},
	url = {https://proceedings.neurips.cc/paper/2016/file/ed265bc903a5a097f61d3ec064d96d2e-Paper.pdf},
	booktitle = {Advances in Neural Information Processing Systems},
	publisher = {Curran Associates, Inc.},
	author = {Salimans, Tim and Kingma, Durk P},
	editor = {Lee, D. and Sugiyama, M. and Luxburg, U. and Guyon, I. and Garnett, R.},
	date = {2016},
	langid = {english},
	eprinttype = {arxiv},
	eprint = {1602.07868 [cs]},
	note = {Number: {arXiv}:1602.07868},
}

@inproceedings{smith_cyclical_2017,
	location = {Santa Rosa, {CA}, {USA}},
	title = {Cyclical Learning Rates for Training Neural Networks},
	isbn = {978-1-5090-4822-9},
	url = {http://ieeexplore.ieee.org/document/7926641/},
	doi = {10.1109/WACV.2017.58},
	eventtitle = {2017 {IEEE} Winter Conference on Applications of Computer Vision ({WACV})},
	pages = {464--472},
	booktitle = {2017 {IEEE} Winter Conference on Applications of Computer Vision ({WACV})},
	publisher = {{IEEE}},
	author = {Smith, Leslie N.},
	urldate = {2022-09-03},
	date = {2017-03},
}

@inproceedings{dauphin_identifying_2014,
	title = {Identifying and attacking the saddle point problem in high-dimensional non-convex optimization},
	volume = {27},
	url = {https://proceedings.neurips.cc/paper/2014/file/17e23e50bedc63b4095e3d8204ce063b-Paper.pdf},
	booktitle = {Advances in Neural Information Processing Systems},
	publisher = {Curran Associates, Inc.},
	author = {Dauphin, Yann N and Pascanu, Razvan and Gulcehre, Caglar and Cho, Kyunghyun and Ganguli, Surya and Bengio, Yoshua},
	editor = {Ghahramani, Z. and Welling, M. and Cortes, C. and Lawrence, N. and Weinberger, K. Q.},
	date = {2014},
}

@misc{izmailov_averaging_2019,
	title = {Averaging Weights Leads to Wider Optima and Better Generalization},
	url = {http://arxiv.org/abs/1803.05407},
	number = {{arXiv}:1803.05407},
	publisher = {{arXiv}},
	author = {Izmailov, Pavel and Podoprikhin, Dmitrii and Garipov, Timur and Vetrov, Dmitry and Wilson, Andrew Gordon},
	urldate = {2022-09-03},
	date = {2019-02-25},
	eprinttype = {arxiv},
	eprint = {1803.05407 [cs, stat]},
}

@article{iiduka_training_2020,
	title = {Training Deep Neural Networks Using Conjugate Gradient-like Methods},
	volume = {9},
	issn = {2079-9292},
	url = {https://www.mdpi.com/2079-9292/9/11/1809},
	doi = {10.3390/electronics9111809},
	pages = {1809},
	number = {11},
	journaltitle = {Electronics},
	shortjournal = {Electronics},
	author = {Iiduka, Hideaki and Kobayashi, Yu},
	urldate = {2022-06-12},
	date = {2020-11-02},
	langid = {english},
}

@article{hager_survey_2006,
	title = {A survey of nonlinear conjugate gradient methods},
	volume = {2},
	pages = {35--58},
	number = {1},
	journaltitle = {Pacific journal of Optimization},
	author = {Hager, William W and Zhang, Hongchao},
	date = {2006},
	langid = {english},
}

@article{hager_new_2005,
	title = {A New Conjugate Gradient Method with Guaranteed Descent and an Efficient Line Search},
	volume = {16},
	issn = {1052-6234, 1095-7189},
	url = {http://epubs.siam.org/doi/10.1137/030601880},
	doi = {10.1137/030601880},
	pages = {170--192},
	number = {1},
	journaltitle = {{SIAM} Journal on Optimization},
	shortjournal = {{SIAM} J. Optim.},
	author = {Hager, William W. and Zhang, Hongchao},
	urldate = {2022-06-14},
	date = {2005-01},
	langid = {english},
}

@article{hager_algorithm_2006,
	title = {Algorithm 851: {CG}\_DESCENT, a conjugate gradient method with guaranteed descent},
	volume = {32},
	issn = {0098-3500, 1557-7295},
	url = {https://dl.acm.org/doi/10.1145/1132973.1132979},
	doi = {10.1145/1132973.1132979},
	shorttitle = {Algorithm 851},
	pages = {113--137},
	number = {1},
	journaltitle = {{ACM} Transactions on Mathematical Software},
	shortjournal = {{ACM} Trans. Math. Softw.},
	author = {Hager, William W. and Zhang, Hongchao},
	urldate = {2022-06-15},
	date = {2006-03},
	langid = {english},
}

@book{nocedal_numerical_2006,
	location = {New York},
	edition = {2nd ed},
	title = {Numerical optimization},
	isbn = {978-0-387-30303-1},
	url = {http://link.springer.com/10.1007/978-0-387-40065-5},
	series = {Springer series in operations research},
	pagetotal = {664},
	publisher = {Springer},
	author = {Nocedal, Jorge and Wright, Stephen J.},
	date = {2006},
	langid = {english},
	doi = {10.1007/978-0-387-40065-5},
}

@software{chuang_dissertation_nodate,
	title = {Dissertation Reporducibility Pack, https://github.com/piyueh/dissertation-repro-pack},
	url = {https://github.com/piyueh/dissertation-repro-pack},
	author = {Chuang, Pi-Yueh}
}

@article{meurer_sympy_2017,
	title = {{SymPy}: symbolic computing in Python},
	volume = {3},
	issn = {2376-5992},
	url = {https://doi.org/10.7717/peerj-cs.103},
	doi = {10.7717/peerj-cs.103},
	pages = {e103},
	journaltitle = {{PeerJ} Computer Science},
	author = {Meurer, Aaron and Smith, Christopher P. and Paprocki, Mateusz and Čertík, Ondřej and Kirpichev, Sergey B. and Rocklin, Matthew and Kumar, {AMiT} and Ivanov, Sergiu and Moore, Jason K. and Singh, Sartaj and Rathnayake, Thilina and Vig, Sean and Granger, Brian E. and Muller, Richard P. and Bonazzi, Francesco and Gupta, Harsh and Vats, Shivam and Johansson, Fredrik and Pedregosa, Fabian and Curry, Matthew J. and Terrel, Andy R. and Roučka, Štěpán and Saboo, Ashutosh and Fernando, Isuru and Kulal, Sumith and Cimrman, Robert and Scopatz, Anthony},
	date = {2017-01},
}

@software{noauthor_modulus_nodate,
	title = {Modulus, https://docs.nvidia.com/deeplearning/modulus/index.html},
	url = {https://docs.nvidia.com/deeplearning/modulus/index.html},
	publisher = {{NVIDIA}}
}

@article{jeong_identification_1995,
	title = {On the identification of a vortex},
	volume = {285},
	issn = {0022-1120, 1469-7645},
	doi = {10.1017/S0022112095000462},
	pages = {69--94},
	journaltitle = {Journal of Fluid Mechanics},
	shortjournal = {J. Fluid. Mech.},
	author = {Jeong, Jinhee and Hussain, Fazle},
	urldate = {2022-11-29},
	date = {1995-02-25},
	langid = {english},
}

@article{chen_variants_2012,
	title = {Variants of Dynamic Mode Decomposition: Boundary Condition, Koopman, and Fourier Analyses},
	volume = {22},
	issn = {0938-8974, 1432-1467},
	doi = {10.1007/s00332-012-9130-9},
	shorttitle = {Variants of Dynamic Mode Decomposition},
	pages = {887--915},
	number = {6},
	journaltitle = {Journal of Nonlinear Science},
	shortjournal = {J Nonlinear Sci},
	author = {Chen, Kevin K. and Tu, Jonathan H. and Rowley, Clarence W.},
	urldate = {2022-11-29},
	date = {2012-12},
	langid = {english},
}

@article{rowley_spectral_2009,
	title = {Spectral analysis of nonlinear flows},
	volume = {641},
	issn = {0022-1120, 1469-7645},
	doi = {10.1017/S0022112009992059},
	pages = {115--127},
	journaltitle = {Journal of Fluid Mechanics},
	shortjournal = {J. Fluid Mech.},
	author = {Rowley, Clarence W. and Mezić, Igor and Bagheri, Shervin and Schlatter, Philipp and Henningson, Dan S.},
	urldate = {2022-11-10},
	date = {2009-12-25},
	langid = {english},
}

@inproceedings{rahaman_spectral_2019,
	title = {On the Spectral Bias of Neural Networks},
	volume = {97},
	url = {https://proceedings.mlr.press/v97/rahaman19a.html},
	series = {Proceedings of Machine Learning Research},
	pages = {5301--5310},
	booktitle = {Proceedings of the 36th International Conference on Machine Learning},
	publisher = {{PMLR}},
	author = {Rahaman, Nasim and Baratin, Aristide and Arpit, Devansh and Draxler, Felix and Lin, Min and Hamprecht, Fred and Bengio, Yoshua and Courville, Aaron},
	editor = {Chaudhuri, Kamalika and Salakhutdinov, Ruslan},
	date = {2019-06-09},
}