@article{lagaris_artificial_1998,
	title = {Artificial neural networks for solving ordinary and partial differential equations},
	volume = {9},
	issn = {10459227},
	url = {http://ieeexplore.ieee.org/document/712178/},
	doi = {10.1109/72.712178},
	pages = {987--1000},
	number = {5},
	journaltitle = {{IEEE} Transactions on Neural Networks},
	shortjournal = {{IEEE} Trans. Neural Netw.},
	author = {Lagaris, I. E. and Likas, A. and Fotiadis, D. I.},
	urldate = {2020-01-20},
	date = {1998-09},
	langid = {english},
	eprinttype = {arxiv},
	eprint = {physics/9705023},
}

@article{Li2003,
	title = {Numerical solution of elliptic partial differential equation using radial basis function neural networks},
	volume = {16},
	issn = {08936080},
	url = {https://linkinghub.elsevier.com/retrieve/pii/S0893608003000832},
	doi = {10.1016/S0893-6080(03)00083-2},
	pages = {729--734},
	number = {5},
	journaltitle = {Neural Networks},
	shortjournal = {Neural Networks},
	author = {Li, Jianyu and Luo, Siwei and Qi, Yingjian and Huang, Yaping},
	date = {2003-06},
	langid = {english},
}

@article{hao_ai_2020,
	title = {{AI} has cracked a key mathematical puzzle for understanding our world},
	url = {https://www.technologyreview.com/2020/10/30/1011435/ai-fourier-neural-network-cracks-navier-stokes-and-partial-differential-equations/},
	journaltitle = {{MIT} Technology Review},
	author = {Hao, Karen},
	date = {2020-10-30}
}

@article{Linse1993,
	title = {Identification of aerodynamic coefficients using computational neural networks},
	volume = {16},
	issn = {0731-5090},
	url = {http://link.springer.com/10.1007/0-306-48610-5_9},
	doi = {10.2514/3.21122},
	pages = {1018--1025},
	number = {6},
	journaltitle = {Journal of Guidance, Control, and Dynamics},
	author = {Linse, Dennis J. and Stengel, Robert F.},
	date = {1993-11},
	note = {Publisher: Springer {US}, Place: Boston, {MA}},
}

@article{Faller1997,
	title = {Unsteady Fluid Mechanics Applications of Neural Networks},
	volume = {34},
	issn = {0021-8669},
	url = {http://arc.aiaa.org/doi/10.2514/2.2134},
	doi = {10.2514/2.2134},
	pages = {48--55},
	number = {1},
	journaltitle = {Journal of Aircraft},
	author = {Faller, William E. and Schreck, Scott J.},
	date = {1997-01},
}

@article{hornik_approximation_1991,
	title = {Approximation capabilities of multilayer feedforward networks},
	volume = {4},
	issn = {08936080},
	url = {https://linkinghub.elsevier.com/retrieve/pii/089360809190009T},
	doi = {10.1016/0893-6080(91)90009-T},
	pages = {251--257},
	number = {2},
	journaltitle = {Neural Networks},
	shortjournal = {Neural Networks},
	author = {Hornik, Kurt},
	urldate = {2020-08-28},
	date = {1991},
	langid = {english},
}

@book{trefethen_spectral_2000,
	location = {Philadelphia, {PA}},
	title = {Spectral Methods in {MATLAB}},
	isbn = {978-0-89871-465-4},
	url = {http://epubs.siam.org/doi/book/10.1137/1.9780898719598},
	series = {Software, environments, tools},
	pagetotal = {165},
	publisher = {Society for Industrial and Applied Mathematics},
	author = {Trefethen, Lloyd N.},
	urldate = {2022-05-25},
	date = {2000-01},
	langid = {english},
	doi = {10.1137/1.9780898719598},
}

@misc{thuerey_physics-based_2022,
	title = {Physics-based Deep Learning},
	url = {http://arxiv.org/abs/2109.05237},
	publisher = {{arXiv}},
	author = {Thuerey, Nils and Holl, Philipp and Mueller, Maximilian and Schnell, Patrick and Trost, Felix and Um, Kiwon},
	urldate = {2022-05-25},
	date = {2022-04-25},
	eprinttype = {arxiv},
	eprint = {2109.05237 [physics]},
	note = {Number: {arXiv}:2109.05237},
}

@article{gushchin_numerical_1974,
	title = {A numerical method of solving the navier-stokes equations},
	volume = {14},
	issn = {00415553},
	url = {https://linkinghub.elsevier.com/retrieve/pii/0041555374900615},
	doi = {10.1016/0041-5553(74)90061-5},
	language = {en},
	number = {2},
	urldate = {2022-05-26},
	journal = {USSR Computational Mathematics and Mathematical Physics},
	author = {Gushchin, V.A. and Shchennikov, V.V.},
	month = jan,
	year = {1974},
	pages = {242--250},
}

@article{Fornberg1980,
	title = {A numerical study of steady viscous flow past a circular cylinder},
	volume = {98},
	issn = {0022-1120},
	url = {http://www.journals.cambridge.org/abstract_S0022112080000419},
	doi = {10.1017/S0022112080000419},
	number = {04},
	journal = {Journal of Fluid Mechanics},
	author = {Fornberg, Bengt},
	month = jun,
	year = {1980},
	pages = {819},
}

@article{Rajani2009,
	title = {Numerical simulation of laminar flow past a circular cylinder},
	volume = {33},
	issn = {0307904X},
	url = {http://dx.doi.org/10.1016/j.apm.2008.01.017},
	doi = {10.1016/j.apm.2008.01.017},
	number = {3},
	journal = {Applied Mathematical Modelling},
	author = {Rajani, B.N. and Kandasamy, A. and Majumdar, Sekhar},
	month = mar,
	year = {2009},
	pmid = {18628456},
	note = {arXiv: DOI: 10.1002/fld.1
Publisher: Elsevier Inc.
ISBN: 02712091 10970363},
	pages = {1228--1247},
}

@article{deng_hydrodynamic_2007,
	title = {Hydrodynamic studies on two traveling wavy foils in tandem arrangement},
	volume = {19},
	issn = {1070-6631, 1089-7666},
	url = {http://aip.scitation.org/doi/10.1063/1.2814259},
	doi = {10.1063/1.2814259},
	language = {en},
	number = {11},
	urldate = {2022-05-23},
	journal = {Physics of Fluids},
	author = {Deng, Jian and Shao, Xue-Ming and Yu, Zhao-Sheng},
	month = nov,
	year = {2007},
	keywords = {validation, cylinder flow},
	pages = {113104},
}

@article{laroussi_vortex_2015,
	title = {Vortex {Shedding} for {Flow} {Past} {Circular} {Cylinder}: {Effects} of {Initial} {Conditions}},
	volume = {3},
	language = {en},
	journal = {Universal Journal of Fluid Mechanics},
	author = {Laroussi, Mouna and Djebbi, Mohamed},
	year = {2015},
	pages = {19--32},
}

@article{chuang_petibm_2018,
	title = {{PetIBM}: toolbox and applications of the immersed-boundary method on distributed-memory architectures},
	volume = {3},
	issn = {2475-9066},
	url = {http://joss.theoj.org/papers/10.21105/joss.00558},
	doi = {10.21105/joss.00558},
	number = {25},
	journal = {Journal of Open Source Software},
	author = {Chuang, Pi-Yueh and Mesnard, Olivier and Krishnan, Anush and A. Barba, Lorena},
	month = may,
	year = {2018},
	keywords = {PetIBM, proposal},
	pages = {558},
}

@article{hendrycks_gaussian_2016,
	title = {Gaussian Error Linear Units ({GELUs})},
	rights = {{arXiv}.org perpetual, non-exclusive license},
	url = {https://arxiv.org/abs/1606.08415},
	doi = {10.48550/ARXIV.1606.08415},
	author = {Hendrycks, Dan and Gimpel, Kevin},
	urldate = {2022-05-26},
	date = {2016},
	note = {Publisher: {arXiv}
Version Number: 4},
}

@article{Williamson1996,
	title = {Vortex Dynamics in the Cylinder Wake},
	volume = {28},
	issn = {0066-4189},
	url = {http://www.annualreviews.org/doi/10.1146/annurev.fl.28.010196.002401},
	doi = {10.1146/annurev.fl.28.010196.002401},
	pages = {477--539},
	number = {1},
	journaltitle = {Annual Review of Fluid Mechanics},
	author = {Williamson, C. H. K.},
	date = {1996-01},
}

@inproceedings{jiang_meshfreeflownet_2020,
    author={Jiang, Chiyu “Max” and Esmaeilzadeh, Soheil and Azizzadenesheli, Kamyar and Kashinath, Karthik and Mustafa, Mustafa and Tchelepi, Hamdi A. and Marcus, Philip and Prabhat, Mr and Anandkumar, Anima},
    booktitle={SC20: International Conference for High Performance Computing, Networking, Storage and Analysis},
    title={MESHFREEFLOWNET: A Physics-Constrained Deep Continuous Space-Time Super-Resolution Framework},
    year={2020},
    volume={},
    number={},
    pages={1-15},
    doi={10.1109/SC41405.2020.00013}
}

@software{noauthor_modulus_nodate,
	title = {Modulus},
	url = {https://docs.nvidia.com/deeplearning/modulus/index.html},
	publisher = {{NVIDIA}}
}

@software{pi_yueh_chuang_2022_6592457,
	author       = {Pi-Yueh Chuang},
	title        = {barbagroup/scipy-2022-repro-pack: 20220530},
	month        = may,
	year         = 2022,
	publisher    = {Zenodo},
	version      = 20220530,
	doi          = {10.5281/zenodo.6592457},
	url          = {https://doi.org/10.5281/zenodo.6592457}
}

@article{cai_physics-informed_2021,
	title = {Physics-informed neural networks ({PINNs}) for fluid mechanics: a review},
	volume = {37},
	issn = {0567-7718, 1614-3116},
	url = {https://link.springer.com/10.1007/s10409-021-01148-1},
	doi = {10.1007/s10409-021-01148-1},
	shorttitle = {Physics-informed neural networks ({PINNs}) for fluid mechanics},
	pages = {1727--1738},
	number = {12},
	journaltitle = {Acta Mechanica Sinica},
	shortjournal = {Acta Mech. Sin.},
	author = {Cai, Shengze and Mao, Zhiping and Wang, Zhicheng and Yin, Minglang and Karniadakis, George Em},
	urldate = {2022-06-28},
	date = {2021-12},
	langid = {english},
}

@article{chuang_geoclaw-landspill_2021,
    title = {geoclaw-landspill: an oil land-spill and overland flow simulator for pipeline rupture events},
    volume = {6},
    issn = {2475-9066},
    url = {https://joss.theoj.org/papers/10.21105/joss.03114},
    doi = {10.21105/joss.03114},
    shorttitle = {geoclaw-landspill},
    pages = {3114},
    number = {62},
    journaltitle = {Journal of Open Source Software},
    shortjournal = {{JOSS}},
    author = {Chuang, Pi-Yueh and Thorleifson, Tracy and Barba, Lorena},
    urldate = {2021-10-12},
    date = {2021-06-10},
}

@article{bhalla_et_al_2013,
  title={A unified mathematical framework and an adaptive numerical method for fluid--structure interaction with rigid, deforming, and elastic bodies},
  author={Bhalla, Amneet Pal Singh and Bale, Rahul and Griffith, Boyce E and Patankar, Neelesh A},
  journal={Journal of Computational Physics},
  volume={250},
  pages={446--476},
  year={2013},
  publisher={Elsevier},
  doi={10.1016/j.jcp.2013.04.033}
}

@article{chuang_barba_2017,
  doi = {10.21105/joss.00280},
  url = {https://doi.org/10.21105/joss.00280},
  year  = {2017},
  month = {8},
  publisher = {The Open Journal},
  volume = {2},
  number = {16},
  pages = {280},
  author = {Pi-Yueh Chuang and Lorena A. Barba},
  title = {{AmgXWrapper}: An interface between {PETSc} and the {NVIDIA} {AmgX} library},
  journal = {The Journal of Open Source Software}
}

@article{gresho_sani_1987,
  title={On pressure boundary conditions for the incompressible Navier-Stokes equations},
  author={Gresho, Philip M and Sani, Robert L},
  journal={International Journal for Numerical Methods in Fluids},
  volume={7},
  number={10},
  pages={1111--1145},
  year={1987},
  publisher={Wiley Online Library},
  doi={10.1002/fld.1650071008}
}

@article{griffith_et_al_2007,
  title={An adaptive, formally second order accurate version of the immersed boundary method},
  author={Griffith, Boyce E and Hornung, Richard D and McQueen, David M and Peskin, Charles S},
  journal={Journal of Computational Physics},
  volume={223},
  number={1},
  pages={10--49},
  year={2007},
  publisher={Elsevier},
  doi={10.1016/j.jcp.2006.08.019}
}

@article{krishnan_et_al_2014,
  title={Lift and wakes of flying snakes},
  author={Krishnan, Anush and Socha, John J and Vlachos, Pavlos P and Barba, LA},
  journal={Physics of Fluids},
  volume={26},
  number={3},
  pages={031901},
  year={2014},
  publisher={AIP},
  doi={10.1063/1.4866444}
}

@article{krishnan_et_al_2017,
  doi = {10.21105/joss.00301},
  url = {https://doi.org/10.21105/joss.00301},
  year  = {2017},
  month = {7},
  publisher = {The Open Journal},
  volume = {2},
  number = {15},
  pages = {301},
  author = {Anush Krishnan and Olivier Mesnard and Lorena A. Barba},
  title = {{cuIBM}: a {GPU}-based immersed boundary method code},
  journal = {The Journal of Open Source Software}
}

@article{li_et_al_2016,
  title={An efficient immersed boundary projection method for flow over complex/moving boundaries},
  author={Li, Ru-Yang and Xie, Chun-Mei and Huang, Wei-Xi and Xu, Chun-Xiao},
  journal={Computers \& Fluids},
  volume={140},
  pages={122--135},
  year={2016},
  publisher={Elsevier},
  doi={10.1016/j.compfluid.2016.09.017}
}

@article{mesnard_barba_2017,
  title={Reproducible and Replicable Computational Fluid Dynamics: It's Harder Than You Think},
  author={Mesnard, Olivier and Barba, Lorena A},
  journal={Computing in Science \& Engineering},
  volume={19},
  number={4},
  pages={44--55},
  year={2017},
  publisher={IEEE},
  doi={10.1109/MCSE.2017.3151254}
}

@article{perot_1993,
  title={An analysis of the fractional step method},
  author={Perot, J Blair},
  journal={Journal of Computational Physics},
  volume={108},
  number={1},
  pages={51--58},
  year={1993},
  publisher={Elsevier},
  doi={10.1006/jcph.1993.1162}
}

@techreport{petsc_user_ref_2017,
  author = {Satish Balay and Shrirang Abhyankar and Mark F. Adams and Jed Brown and Peter Brune
            and Kris Buschelman and Lisandro Dalcin and Victor Eijkhout and William D. Gropp
            and Dinesh Kaushik and Matthew G. Knepley
            and Lois Curfman McInnes and Karl Rupp and Barry F. Smith
            and Stefano Zampini and Hong Zhang and Hong Zhang},
  title = {{PETS}c Users Manual},
  number = {ANL-95/11 - Revision 3.8},
  institution = {Argonne National Laboratory},
  year = {2017}
}

@inproceedings{petsc_1997,
  author = {Satish Balay and William D. Gropp and Lois Curfman McInnes and Barry F. Smith},
  title = {Efficient Management of Parallelism in Object Oriented Numerical Software Libraries},
  booktitle = {Modern Software Tools in Scientific Computing},
  editor = {E. Arge and A. M. Bruaset and H. P. Langtangen},
  pages = {163--202},
  publisher = {Birkh{\"{a}}user Press},
  year = {1997}
}

@article{sani_gresho_1994,
  title={R{\'e}sum{\'e} and remarks on the open boundary condition minisymposium},
  author={Sani, Robert L and Gresho, Philip M},
  journal={International Journal for Numerical Methods in Fluids},
  volume={18},
  number={10},
  pages={983--1008},
  year={1994},
  publisher={Wiley Online Library},
  doi={10.1002/fld.1650181006}
}

@article{taira_colonius_2007,
  title={The immersed boundary method: a projection approach},
  author={Taira, Kunihiko and Colonius, Tim},
  journal={Journal of Computational Physics},
  volume={225},
  number={2},
  pages={2118--2137},
  year={2007},
  publisher={Elsevier},
  doi={10.1016/j.jcp.2007.03.005}
}

@article{Naumov2015,
	title = {{AmgX}: A Library for {GPU} Accelerated Algebraic Multigrid and Preconditioned Iterative Methods},
	volume = {37},
	issn = {1064-8275},
	url = {http://epubs.siam.org/doi/10.1137/140980260},
	doi = {10.1137/140980260},
	pages = {S602--S626},
	number = {5},
	journaltitle = {{SIAM} Journal on Scientific Computing},
	author = {Naumov, M and Arsaev, M and Castonguay, P and Cohen, J and Demouth, J and Eaton, J and Layton, S and Markovskiy, N and Reguly, I and Sakharnykh, N and Sellappan, V and Strzodka, R},
	date = {2015-01},
	note = {{ISBN}: 2010001753},
}

@article{Taira2007,
	title = {The immersed boundary method: A projection approach},
	volume = {225},
	issn = {00219991},
	doi = {10.1016/j.jcp.2007.03.005},
	pages = {2118--2137},
	number = {2},
	journaltitle = {Journal of Computational Physics},
	author = {Taira, Kunihiko and Colonius, Tim},
	date = {2007},
	note = {{ISBN}: 0021-9991},
}

@article{Perot1993,
	title = {An Analysis of the Fractional Step Method},
	volume = {108},
	issn = {00219991},
	url = {http://linkinghub.elsevier.com/retrieve/pii/S0021999183711629},
	doi = {10.1006/jcph.1993.1162},
	pages = {51--58},
	number = {1},
	journaltitle = {Journal of Computational Physics},
	author = {Perot, J. Blair},
	date = {1993-09},
}

@article{Li2016,
	title = {An efficient immersed boundary projection method for flow over complex/moving boundaries},
	volume = {140},
	issn = {00457930},
	url = {http://dx.doi.org/10.1016/j.compfluid.2016.09.017},
	doi = {10.1016/j.compfluid.2016.09.017},
	pages = {122--135},
	journaltitle = {Computers \& Fluids},
	author = {Li, Ru-Yang and Xie, Chun-Mei and Huang, Wei-Xi and Xu, Chun-Xiao},
	date = {2016-11},
	note = {Publisher: Elsevier Ltd},
}

@article{chuang_amgxwrapper:_2017,
	title = {{AmgXWrapper}: An interface between {PETSc} and the {NVIDIA} {AmgX} library},
	volume = {2},
	issn = {2475-9066},
	url = {http://joss.theoj.org/papers/10.21105/joss.00280},
	doi = {10.21105/joss.00280},
	pages = {280},
	number = {16},
	journaltitle = {The Journal of Open Source Software},
	author = {Chuang, Pi-Yueh and Barba, Lorena A.},
	date = {2017-08-29},
}

@inproceedings{gonzalez_validation_2011,
	title = {Validation of the {GeoClaw} Model},
	url = {https://depts.washington.edu/clawpack/links/nthmp-benchmarks/geoclaw-results.pdf},
	booktitle = {{NTHMP} {MMS} Tsunami Inundation Model Validation Workshop},
	author = {González, Frank I. and Leveque, Randall J. and Chamberlain, Paul and Hirai, Bryant and Varkovitzky, Jonathan and George, David L.},
	date = {2011},
}

@article{arcos_validating_2015,
	title = {Validating Velocities in the {GeoClaw} Tsunami Model Using Observations near Hawaii from the 2011 Tohoku Tsunami},
	volume = {172},
	issn = {0033-4553},
	url = {http://link.springer.com/10.1007/s00024-014-0980-y},
	doi = {10.1007/s00024-014-0980-y},
	pages = {849--867},
	number = {3},
	journaltitle = {Pure and Applied Geophysics},
	author = {Arcos, M. E. M. and {LeVeque}, Randall J.},
	date = {2015-03-28},
	eprinttype = {arxiv},
	eprint = {1410.2884},
}

@article{Berger2011,
	title = {The {GeoClaw} software for depth-averaged flows with adaptive refinement},
	volume = {34},
	issn = {03091708},
	url = {https://linkinghub.elsevier.com/retrieve/pii/S0309170811000480},
	doi = {10.1016/j.advwatres.2011.02.016},
	pages = {1195--1206},
	number = {9},
	journaltitle = {Advances in Water Resources},
	author = {Berger, Marsha J. and George, David L. and {LeVeque}, Randall J. and Mandli, Kyle T.},
	date = {2011-09},
}

@article{Delestre2013,
	title = {{SWASHES}: a compilation of shallow water analytic solutions for hydraulic and environmental studies},
	volume = {72},
	issn = {02712091},
	url = {http://doi.wiley.com/10.1002/fld.3741},
	doi = {10.1002/fld.3741},
	pages = {269--300},
	number = {3},
	journaltitle = {International Journal for Numerical Methods in Fluids},
	author = {Delestre, Olivier and Lucas, Carine and Ksinant, Pierre-Antoine and Darboux, Frédéric and Laguerre, Christian and Vo, T.-N.-Tuoi and James, François and Cordier, Stéphane},
	date = {2013-05-30},
}

@article{chuang_petibm:_2018,
	title = {{PetIBM}: toolbox and applications of the immersed-boundary method on distributed-memory architectures},
	volume = {3},
	issn = {2475-9066},
	url = {http://joss.theoj.org/papers/10.21105/joss.00558},
	doi = {10.21105/joss.00558},
	pages = {558},
	number = {25},
	journaltitle = {Journal of Open Source Software},
	author = {Chuang, Pi-Yueh and Mesnard, Olivier and Krishnan, Anush and A. Barba, Lorena},
	date = {2018-05-29},
}

@article{kurganov_second-order_2007,
	title = {A Second-Order Well-Balanced Positivity Preserving Central-Upwind Scheme for the Saint-Venant System},
	volume = {5},
	issn = {15396746},
	url = {http://www.intlpress.com/site/pub/pages/journals/items/cms/content/vols/0005/0001/a006/},
	doi = {10.4310/CMS.2007.v5.n1.a6},
	pages = {133--160},
	number = {1},
	journaltitle = {Communications in Mathematical Sciences},
	author = {Kurganov, Alexander and Petrova, Guergana},
	date = {2007},
}

@inproceedings{chuang_python_2019,
	location = {Austin, {TX}, {USA}},
	title = {Python Workflow for High-Fidelity Modeling of Overland Hydrocarbon Flows with {GeoClaw} and Cloud Computing},
	url = {https://doi.org/10.25080/majora-7ddc1dd1-017},
	doi = {doi.org/10.25080/Majora-7ddc1dd1-017},
	eventtitle = {18th Python in Science Conference ({SciPy} 2019)},
	booktitle = {Proceedings of the 18th Python in Science Conference},
	author = {Chuang, Pi-Yueh and Thorleifson, Tracy and Barba, Lorena A.},
	urldate = {2020-08-16},
	date = {2019-07},
	langid = {english},
	doi = {10.25080/majora-7ddc1dd1-017},
}

@inproceedings{chuang_geoclaw-arcgis_2019,
	location = {Houston, {TX}, {USA}},
	title = {{GeoClaw}-{ArcGIS} Integration for Advanced Modeling of Overland Hydrocarbon Plumes},
	url = {https://proceedings.esri.com/library/userconf/petrol19/papers/PetroGIS_31.pdf},
	eventtitle = {2019 Esri Petroleum {GIS} Conference},
	booktitle = {2019 Petroleum {GIS} Conference Proceedings},
	author = {Chuang, Pi-Yueh and Thorleifson, Tracy and Barba, Lorena A.},
	urldate = {2020-08-16},
	date = {2019-05},
	langid = {english},
	doi = {10.6084/m9.figshare.9745187.v2},
}

@online{USDepartmentofEnergy2019,
	title = {The Argonne National Laboratory Supercomputer will Enable High Performance Computing and Artificial Intelligence at Exascale by 2021},
	url = {https://www.energy.gov/articles/us-department-energy-and-intel-build-first-exascale-supercomputer},
	author = {{US Department of Energy}},
	urldate = {2019-08-06},
	date = {2019},
}

@online{Buck2015,
	title = {{NVIDIA}’s Next-Gen Pascal {GPU} Architecture to Provide 10x Speedup for Deep Learning Apps},
	url = {https://blogs.nvidia.com/blog/2015/03/17/pascal/},
	author = {Buck, Ian},
	urldate = {2019-08-08},
	date = {2015},
}

@book{nielsen_neural_2015,
	title = {Neural Networks and Deep Learning},
	url = {http://neuralnetworksanddeeplearning.com},
	publisher = {Determination Press},
	author = {Nielsen, Michael},
	urldate = {2019-10-19},
	date = {2015},
}

@book{goodfellow_deep_2016,
	title = {Deep Learning},
	isbn = {978-0-262-03561-3},
	url = {http://www.deeplearningbook.org/},
	pagetotal = {800},
	publisher = {{MIT} Press},
	author = {Goodfellow, Ian and Bengio, Yoshua and Courville, Aaron},
	urldate = {2019-10-19},
	date = {2016-11-10},
}

@misc{dockhorn_discussion_2019,
	title = {A Discussion on Solving Partial Differential Equations using Neural Networks},
	url = {http://arxiv.org/abs/1904.07200},
	author = {Dockhorn, Tim},
	date = {2019-04-15},
	langid = {english},
	eprinttype = {arxiv},
	eprint = {1904.07200},
}

@article{xing_high_2005,
	title = {High order finite difference {WENO} schemes with the exact conservation property for the shallow water equations},
	volume = {208},
	issn = {00219991},
	url = {https://linkinghub.elsevier.com/retrieve/pii/S002199910500094X},
	doi = {10.1016/j.jcp.2005.02.006},
	pages = {206--227},
	number = {1},
	journaltitle = {Journal of Computational Physics},
	shortjournal = {Journal of Computational Physics},
	author = {Xing, Yulong and Shu, Chi-Wang},
	urldate = {2020-03-18},
	date = {2005-09},
	langid = {english},
}

@article{park_numerical_1998,
	title = {Numerical solutions of flow past a circular cylinder at Reynolds numbers up to 160},
	volume = {12},
	issn = {1226-4865},
	url = {http://link.springer.com/10.1007/BF02942594},
	doi = {10.1007/BF02942594},
	pages = {1200--1205},
	number = {6},
	journaltitle = {{KSME} International Journal},
	shortjournal = {{KSME} International Journal},
	author = {Park, Jeongyoung and Kwon, Kiyoung and Choi, Haecheon},
	urldate = {2020-07-11},
	date = {1998-11},
	langid = {english},
}

@article{zhu_physics-constrained_2019,
	title = {Physics-constrained deep learning for high-dimensional surrogate modeling and uncertainty quantification without labeled data},
	volume = {394},
	issn = {00219991},
	url = {https://linkinghub.elsevier.com/retrieve/pii/S0021999119303559},
	doi = {10.1016/j.jcp.2019.05.024},
	pages = {56--81},
	journaltitle = {Journal of Computational Physics},
	shortjournal = {Journal of Computational Physics},
	author = {Zhu, Yinhao and Zabaras, Nicholas and Koutsourelakis, Phaedon-Stelios and Perdikaris, Paris},
	urldate = {2020-09-02},
	date = {2019-10},
	langid = {english},
	eprinttype = {arxiv},
	eprint = {1901.06314},
}

@article{tritton_experiments_1959,
	title = {Experiments on the flow past a circular cylinder at low Reynolds numbers},
	volume = {6},
	issn = {0022-1120, 1469-7645},
	url = {https://www.cambridge.org/core/product/identifier/S0022112059000829/type/journal_article},
	doi = {10.1017/S0022112059000829},
	pages = {547--567},
	number = {4},
	journaltitle = {Journal of Fluid Mechanics},
	shortjournal = {J. Fluid Mech.},
	author = {Tritton, D. J.},
	urldate = {2020-09-18},
	date = {1959-11},
	langid = {english},
}

@article{grove_experimental_1964,
	title = {An experimental investigation of the steady separated flow past a circular cylinder},
	volume = {19},
	issn = {0022-1120, 1469-7645},
	url = {https://www.cambridge.org/core/product/identifier/S0022112064000544/type/journal_article},
	doi = {10.1017/S0022112064000544},
	pages = {60--80},
	number = {1},
	journaltitle = {Journal of Fluid Mechanics},
	shortjournal = {J. Fluid Mech.},
	author = {Grove, A. S. and Shair, F. H. and Petersen, E. E.},
	urldate = {2020-09-18},
	date = {1964-05},
	langid = {english},
}

@article{raissi_physics-informed_2019,
	title = {Physics-informed neural networks: A deep learning framework for solving forward and inverse problems involving nonlinear partial differential equations},
	volume = {378},
	issn = {00219991},
	url = {https://linkinghub.elsevier.com/retrieve/pii/S0021999118307125},
	doi = {10.1016/j.jcp.2018.10.045},
	shorttitle = {Physics-informed neural networks},
	pages = {686--707},
	journaltitle = {Journal of Computational Physics},
	shortjournal = {Journal of Computational Physics},
	author = {Raissi, M. and Perdikaris, P. and Karniadakis, G.E.},
	urldate = {2020-09-20},
	date = {2019-02},
	langid = {english},
}

@inproceedings{griewank_automatic_1988,
	location = {Tokyo, Japan},
	title = {On automatic differentiation},
	volume = {6},
	isbn = {978-0-7923-0490-6},
	series = {Mathematics and its Applications},
	eventtitle = {The 13th International Symposium on Mathematical Programming},
	pages = {83--107},
	booktitle = {Mathematical Programming: Recent Developments and Applications},
	publisher = {Springer Netherlands},
	author = {Griewank, Andreas},
	date = {1988-08-29},
	langid = {english},
}

@report{balay_petsc_2020,
	title = {{PETSc} Users Manual},
	url = {https://www.mcs.anl.gov/petsc},
	number = {{ANL}-95/11 - Revision 3.14},
	institution = {Argonne National Laboratory},
	author = {Balay, Satish and Abhyankar, Shrirang and Adams, Mark F. and Brown, Jed and Brune, Peter and Buschelman, Kris and Dalcin, Lisandro and Dener, Alp and Eijkhout, Victor and Gropp, William D. and Karpeyev, Dmitry and Kaushik, Dinesh and Knepley, Matthew G. and May, Dave A. and {McInnes}, Lois Curfman and Mills, Richard Tran and Munson, Todd and Rupp, Karl and Sanan, Patrick and Smith, Barry F. and Zampini, Stefano and Zhang, Hong and Zhang, Hong},
	date = {2020},
}

@software{mesnard_petibm_nodate,
	title = {{PetIBM} Examples},
	url = {https://github.com/barbagroup/petibm-examples},
	version = {794de36},
	author = {Mesnard, Olivier},
}

@article{henson_boomeramg_2002,
	title = {{BoomerAMG}: A parallel algebraic multigrid solver and preconditioner},
	volume = {41},
	issn = {01689274},
	url = {https://linkinghub.elsevier.com/retrieve/pii/S0168927401001155},
	doi = {10.1016/S0168-9274(01)00115-5},
	shorttitle = {{BoomerAMG}},
	pages = {155--177},
	number = {1},
	journaltitle = {Applied Numerical Mathematics},
	shortjournal = {Applied Numerical Mathematics},
	author = {Henson, Van Emden and Yang, Ulrike Meier},
	urldate = {2020-10-01},
	date = {2002-04},
	langid = {english},
}

@software{chuang_geoclaw-landspill_2019,
	title = {{GeoClaw}-landspill},
	rights = {{MIT} License},
	url = {https://github.com/barbagroup/geoclaw},
	version = {be118b9},
	author = {Chuang, Pi-Yueh},
	date = {2019},
}

@article{lister_viscous_1992,
	title = {Viscous flows down an inclined plane from point and line sources},
	volume = {242},
	issn = {0022-1120, 1469-7645},
	url = {https://www.cambridge.org/core/product/identifier/S0022112092002520/type/journal_article},
	doi = {10.1017/S0022112092002520},
	pages = {631--653},
	journaltitle = {Journal of Fluid Mechanics},
	shortjournal = {J. Fluid Mech.},
	author = {Lister, John R.},
	urldate = {2020-10-02},
	date = {1992-09},
	langid = {english},
}
